<?xml version="1.0" encoding="UTF-8"?>
<OAI-PMH xmlns="http://www.openarchives.org/OAI/2.0/" xmlns:xsi="http://www.w3.org/2001/XMLSchema-instance" xsi:schemaLocation="http://www.openarchives.org/OAI/2.0/ http://www.openarchives.org/OAI/2.0/OAI-PMH.xsd">
  <ListRecords>
    <record>
      <header>
        <identifier>aleph-publish:021747866</identifier>
      </header>
      <metadata>
        <record xmlns="http://www.ddb.de/professionell/mabxml/mabxml-1.xsd">
          <leader>00000nM2.01200024------h</leader>
          <controlfield tag="LDR">00000nM2.01200024------h</controlfield>
          <controlfield tag="FMT">MH</controlfield>
          <datafield tag="001" ind1="-" ind2="1">
            <subfield code="a">HT019246898</subfield>
          </datafield>
          <datafield tag="002" ind1="b" ind2="1">
            <subfield code="a">20170221</subfield>
          </datafield>
          <datafield tag="003" ind1="-" ind2="1">
            <subfield code="a">20180214</subfield>
          </datafield>
          <datafield tag="020" ind1="a" ind2="1">
            <subfield code="a">1120515173</subfield>
            <subfield code="b">DNB</subfield>
          </datafield>
          <datafield tag="020" ind1="-" ind2="1">
            <subfield code="a">ELiSA-9783839436547</subfield>
            <subfield code="b">ELiSA</subfield>
          </datafield>
          <datafield tag="025" ind1="o" ind2="1">
            <subfield code="a">1018466944</subfield>
          </datafield>
          <datafield tag="025" ind1="a" ind2="1">
            <subfield code="a">1120515173</subfield>
          </datafield>
          <datafield tag="026" ind1="-" ind2="1">
            <subfield code="a">DNB1120515173</subfield>
          </datafield>
          <controlfield tag="030">a||dr||||||37</controlfield>
          <datafield tag="036" ind1="a" ind2="1">
            <subfield code="a">XA-DE-NW</subfield>
          </datafield>
          <datafield tag="037" ind1="b" ind2="1">
            <subfield code="a">ger</subfield>
          </datafield>
          <controlfield tag="050">a|a|||||||||||</controlfield>
          <controlfield tag="051">s|||||||</controlfield>
          <datafield tag="060" ind1="-" ind2="1">
            <subfield code="b">txt</subfield>
            <subfield code="a">Text</subfield>
          </datafield>
          <datafield tag="061" ind1="-" ind2="1">
            <subfield code="b">n</subfield>
            <subfield code="a">ohne Hilfsmittel zu benutzen</subfield>
          </datafield>
          <datafield tag="062" ind1="-" ind2="1">
            <subfield code="b">nc</subfield>
            <subfield code="a">Band</subfield>
          </datafield>
          <datafield tag="064" ind1="a" ind2="1">
            <subfield code="a">Aufsatzsammlung</subfield>
            <subfield code="9">(DE-588)4143413-4</subfield>
          </datafield>
          <datafield tag="070" ind1="-" ind2="1">
            <subfield code="a">467</subfield>
          </datafield>
          <datafield tag="070" ind1="a" ind2="1">
            <subfield code="a">DNB</subfield>
          </datafield>
          <datafield tag="070" ind1="b" ind2="1">
            <subfield code="a">708</subfield>
          </datafield>
          <datafield tag="080" ind1="-" ind2="1">
            <subfield code="a">60</subfield>
          </datafield>
          <datafield tag="100" ind1="b" ind2="1">
            <subfield code="p">Abel, Alexandra</subfield>
            <subfield code="d">1969-</subfield>
            <subfield code="4">edt</subfield>
            <subfield code="3">Herausgeber</subfield>
            <subfield code="4">aut</subfield>
            <subfield code="3">Verfasser</subfield>
            <subfield code="9">(DE-588)1069204668</subfield>
          </datafield>
          <datafield tag="104" ind1="b" ind2="1">
            <subfield code="p">Rudolf, Bernd</subfield>
            <subfield code="4">edt</subfield>
            <subfield code="3">Herausgeber</subfield>
            <subfield code="4">aut</subfield>
            <subfield code="3">Verfasser</subfield>
            <subfield code="9">(DE-588)1038489679</subfield>
          </datafield>
          <datafield tag="331" ind1="-" ind2="1">
            <subfield code="a">Architektur wahrnehmen</subfield>
          </datafield>
          <datafield tag="359" ind1="-" ind2="1">
            <subfield code="a">Alexandra Abel, Bernd Rudolf (Hg.)</subfield>
          </datafield>
          <datafield tag="419" ind1="-" ind2="1">
            <subfield code="a">Bielefeld</subfield>
            <subfield code="b">transcript</subfield>
            <subfield code="c">[2018]</subfield>
          </datafield>
          <datafield tag="419" ind1="d" ind2="1">
            <subfield code="c">© 2018</subfield>
          </datafield>
          <datafield tag="425" ind1="a" ind2="1">
            <subfield code="a">2018</subfield>
          </datafield>
          <datafield tag="433" ind1="-" ind2="1">
            <subfield code="a">395 Seiten</subfield>
          </datafield>
          <datafield tag="434" ind1="-" ind2="1">
            <subfield code="a">Illustrationen</subfield>
          </datafield>
          <datafield tag="451" ind1="-" ind2="1">
            <subfield code="a">Architekturen ; Band 38</subfield>
          </datafield>
          <datafield tag="453" ind1="-" ind2="1">
            <subfield code="a">HT016567889</subfield>
          </datafield>
          <datafield tag="455" ind1="-" ind2="1">
            <subfield code="a">Band 38</subfield>
          </datafield>
          <datafield tag="456" ind1="-" ind2="1">
            <subfield code="a">38</subfield>
          </datafield>
          <datafield tag="501" ind1="-" ind2="1">
            <subfield code="a">"Dies Buch versammelt Texte zum Thema Architekturwahrnehmung, die als Vorträge während einer Ringvorlesung an der Bauhaus-Universität Weimar gehalten wurden" - siehe Seite 9</subfield>
          </datafield>
          <datafield tag="540" ind1="a" ind2="1">
            <subfield code="a">978-3-8376-3654-3</subfield>
            <subfield code="b">Kt : circa EUR 34.99 (DE), circa EUR 36.00 (AT), circa CHF 42.70 (freier Preis)</subfield>
          </datafield>
          <datafield tag="540" ind1="a" ind2="1">
            <subfield code="a">3-8376-3654-2</subfield>
          </datafield>
          <datafield tag="553" ind1="a" ind2="1">
            <subfield code="a">9783837636543</subfield>
          </datafield>
          <datafield tag="574" ind1="-" ind2="1">
            <subfield code="a">16,N49</subfield>
          </datafield>
          <datafield tag="655" ind1="e" ind2="1">
            <subfield code="u">http://www.transcript-verlag.de/978-3-8376-3654-3</subfield>
            <subfield code="x">Verlag</subfield>
            <subfield code="A">0</subfield>
          </datafield>
          <datafield tag="655" ind1="e" ind2="1">
            <subfield code="m">B:DE-101</subfield>
            <subfield code="q">application/pdf</subfield>
            <subfield code="u">http://digitale-objekte.hbz-nrw.de/storage2/2018/03/01/file_46/7573226.pdf</subfield>
            <subfield code="3">Inhaltsverzeichnis</subfield>
            <subfield code="A">2</subfield>
          </datafield>
          <datafield tag="677" ind1="-" ind2="1">
            <subfield code="k">Transcript GbR</subfield>
            <subfield code="9">(DE-588)1058035266</subfield>
            <subfield code="4">pbl</subfield>
            <subfield code="3">Verlag</subfield>
          </datafield>
          <datafield tag="700" ind1="-" ind2="1">
            <subfield code="a">720</subfield>
            <subfield code="2">DNB</subfield>
          </datafield>
          <datafield tag="720" ind1="-" ind2="1">
            <subfield code="a">Paperback / softback</subfield>
            <subfield code="2">Produktform</subfield>
          </datafield>
          <datafield tag="720" ind1="-" ind2="1">
            <subfield code="a">Fachpublikum/ Wissenschaft</subfield>
            <subfield code="2">Zielgruppe</subfield>
          </datafield>
          <datafield tag="720" ind1="-" ind2="1">
            <subfield code="a">Aesthetics</subfield>
          </datafield>
          <datafield tag="720" ind1="-" ind2="1">
            <subfield code="a">Architecture</subfield>
          </datafield>
          <datafield tag="720" ind1="-" ind2="1">
            <subfield code="a">Designing</subfield>
          </datafield>
          <datafield tag="720" ind1="-" ind2="1">
            <subfield code="a">Entwerfen</subfield>
          </datafield>
          <datafield tag="720" ind1="-" ind2="1">
            <subfield code="a">Imparting</subfield>
          </datafield>
          <datafield tag="720" ind1="-" ind2="1">
            <subfield code="a">Perception</subfield>
          </datafield>
          <datafield tag="720" ind1="-" ind2="1">
            <subfield code="a">Psychologie</subfield>
          </datafield>
          <datafield tag="720" ind1="-" ind2="1">
            <subfield code="a">Psychology</subfield>
          </datafield>
          <datafield tag="720" ind1="-" ind2="1">
            <subfield code="a">Raumerlebnis</subfield>
          </datafield>
          <datafield tag="720" ind1="-" ind2="1">
            <subfield code="a">Vermittlung</subfield>
          </datafield>
          <datafield tag="720" ind1="-" ind2="1">
            <subfield code="a">Wahrnehmung</subfield>
          </datafield>
          <datafield tag="720" ind1="-" ind2="1">
            <subfield code="a">Ästhetik</subfield>
          </datafield>
          <datafield tag="720" ind1="-" ind2="1">
            <subfield code="a">1584: Hardcover, Softcover / Kunst/Architektur</subfield>
            <subfield code="2">VLB-WN</subfield>
          </datafield>
          <datafield tag="776" ind1="-" ind2="1">
            <subfield code="i">Erscheint auch als</subfield>
            <subfield code="n">Online-Ausgabe, PDF</subfield>
            <subfield code="t">Architektur wahrnehmen</subfield>
            <subfield code="z">978-3-8394-3654-7</subfield>
            <subfield code="9">HT019565502</subfield>
          </datafield>
          <datafield tag="902" ind1="-" ind2="1">
            <subfield code="s">Architektur</subfield>
            <subfield code="9">(DE-588)4002851-3</subfield>
          </datafield>
          <datafield tag="902" ind1="-" ind2="1">
            <subfield code="s">Wahrnehmung</subfield>
            <subfield code="9">(DE-588)4064317-7</subfield>
          </datafield>
          <datafield tag="902" ind1="-" ind2="1">
            <subfield code="s">Architekturtheorie</subfield>
            <subfield code="9">(DE-588)4112587-3</subfield>
          </datafield>
          <controlfield tag="SYS">021747866</controlfield>
          <datafield tag="LOW" ind1="-" ind2="1">
            <subfield code="a">N5001</subfield>
          </datafield>
          <datafield tag="LOW" ind1="-" ind2="1">
            <subfield code="a">K0001</subfield>
          </datafield>
          <datafield tag="LOW" ind1="-" ind2="1">
            <subfield code="a">L5001</subfield>
          </datafield>
          <datafield tag="952" ind1="-" ind2="1">
            <subfield code="s">Baukunst</subfield>
          </datafield>
          <datafield tag="952" ind1="-" ind2="1">
            <subfield code="s">Perzeption</subfield>
          </datafield>
          <datafield tag="952" ind1="-" ind2="1">
            <subfield code="s">Sensorischer Prozess</subfield>
          </datafield>
          <datafield tag="952" ind1="-" ind2="1">
            <subfield code="s">Sinnesmodalität</subfield>
          </datafield>
          <datafield tag="952" ind1="-" ind2="1">
            <subfield code="s">Sinneswahrnehmung</subfield>
          </datafield>
          <datafield tag="952" ind1="-" ind2="1">
            <subfield code="s">Sinnliche Wahrnehmung</subfield>
          </datafield>
          <datafield tag="952" ind1="-" ind2="1">
            <subfield code="s">Aisthesis</subfield>
          </datafield>
          <datafield tag="952" ind1="-" ind2="1">
            <subfield code="s">Aisthetik</subfield>
          </datafield>
          <datafield tag="952" ind1="-" ind2="1">
            <subfield code="s">Wahrnehmungsprozess</subfield>
          </datafield>
          <datafield tag="952" ind1="-" ind2="1">
            <subfield code="s">Sensation</subfield>
            <subfield code="h">Philosophie</subfield>
          </datafield>
          <datafield tag="952" ind1="-" ind2="1">
            <subfield code="s">Architektur</subfield>
            <subfield code="x">Theorie</subfield>
          </datafield>
          <datafield tag="088" ind1=" " ind2=" ">
            <subfield code="a">38</subfield>
            <subfield code="b">00000001</subfield>
            <subfield code="c">44A4782</subfield>
            <subfield code="e">ILL Ausleihe</subfield>
          </datafield>
          <datafield tag="088" ind1=" " ind2=" ">
            <subfield code="a">829</subfield>
            <subfield code="b">00001000</subfield>
            <subfield code="c">WTA Archi</subfield>
            <subfield code="e">ILL Ausleihe</subfield>
          </datafield>
          <datafield tag="088" ind1=" " ind2=" ">
            <subfield code="a">743</subfield>
            <subfield code="b">00020000</subfield>
            <subfield code="c">WTA314</subfield>
            <subfield code="e">ILL Ausleihe</subfield>
          </datafield>
          <datafield tag="088" ind1=" " ind2=" ">
            <subfield code="a">467</subfield>
            <subfield code="c">53WTA3654+1</subfield>
            <subfield code="e">keine Angabe</subfield>
          </datafield>
          <datafield tag="088" ind1=" " ind2=" ">
            <subfield code="a">467</subfield>
            <subfield code="c">53WTA3654</subfield>
            <subfield code="e">keine Angabe</subfield>
          </datafield>
          <datafield tag="088" ind1=" " ind2=" ">
            <subfield code="a">82/211</subfield>
            <subfield code="c">211:GA 1002</subfield>
            <subfield code="e">keine Angabe</subfield>
          </datafield>
          <datafield tag="088" ind1=" " ind2=" ">
            <subfield code="a">466</subfield>
            <subfield code="c">WTA2129</subfield>
            <subfield code="e">keine Angabe</subfield>
          </datafield>
          <datafield tag="088" ind1=" " ind2=" ">
            <subfield code="a">468</subfield>
            <subfield code="b">91</subfield>
            <subfield code="c">WTA2690+8</subfield>
            <subfield code="e">Lehrbuchsammlung, ausleihbar</subfield>
          </datafield>
          <datafield tag="088" ind1=" " ind2=" ">
            <subfield code="a">Dm 13</subfield>
            <subfield code="c">WTN 37</subfield>
            <subfield code="e">keine Angabe</subfield>
          </datafield>
          <datafield tag="088" ind1=" " ind2=" ">
            <subfield code="a">708</subfield>
            <subfield code="c">WTN/ABEL</subfield>
            <subfield code="e">Keine Angabe</subfield>
          </datafield>
          <datafield tag="088" ind1=" " ind2=" ">
            <subfield code="a">468</subfield>
            <subfield code="b">91</subfield>
            <subfield code="c">WTA2690+12</subfield>
            <subfield code="e">Lehrbuchsammlung, ausleihbar</subfield>
          </datafield>
          <datafield tag="088" ind1=" " ind2=" ">
            <subfield code="a">468</subfield>
            <subfield code="b">21</subfield>
            <subfield code="c">WTA2690+2</subfield>
            <subfield code="e">ausleihbar</subfield>
          </datafield>
          <datafield tag="088" ind1=" " ind2=" ">
            <subfield code="a">468</subfield>
            <subfield code="b">91</subfield>
            <subfield code="c">WTA2690+7</subfield>
            <subfield code="e">Lehrbuchsammlung, ausleihbar</subfield>
          </datafield>
          <datafield tag="088" ind1=" " ind2=" ">
            <subfield code="a">290</subfield>
            <subfield code="b">F_BA</subfield>
            <subfield code="c">Ya 6341</subfield>
            <subfield code="e">keine ILL</subfield>
          </datafield>
          <datafield tag="088" ind1=" " ind2=" ">
            <subfield code="a">468</subfield>
            <subfield code="b">20</subfield>
            <subfield code="c">WTA2690</subfield>
            <subfield code="e">Präsenzbestand</subfield>
          </datafield>
          <datafield tag="088" ind1=" " ind2=" ">
            <subfield code="a">468</subfield>
            <subfield code="b">21</subfield>
            <subfield code="c">WTA2690+1</subfield>
            <subfield code="e">ausleihbar</subfield>
          </datafield>
          <datafield tag="088" ind1=" " ind2=" ">
            <subfield code="a">468</subfield>
            <subfield code="b">91</subfield>
            <subfield code="c">WTA2690+6</subfield>
            <subfield code="e">Lehrbuchsammlung, ausleihbar</subfield>
          </datafield>
          <datafield tag="088" ind1=" " ind2=" ">
            <subfield code="a">468</subfield>
            <subfield code="b">91</subfield>
            <subfield code="c">WTA2690+3</subfield>
            <subfield code="e">Lehrbuchsammlung, ausleihbar</subfield>
          </datafield>
          <datafield tag="088" ind1=" " ind2=" ">
            <subfield code="a">468</subfield>
            <subfield code="b">91</subfield>
            <subfield code="c">WTA2690+10</subfield>
            <subfield code="e">Lehrbuchsammlung, ausleihbar</subfield>
          </datafield>
          <datafield tag="088" ind1=" " ind2=" ">
            <subfield code="a">Bm 40</subfield>
            <subfield code="c">GA 27</subfield>
            <subfield code="e">keine Angabe</subfield>
          </datafield>
          <datafield tag="088" ind1=" " ind2=" ">
            <subfield code="a">Bi 10</subfield>
            <subfield code="c">WTF2 Arch</subfield>
            <subfield code="e">kA</subfield>
          </datafield>
          <datafield tag="088" ind1=" " ind2=" ">
            <subfield code="a">6</subfield>
            <subfield code="c">3K 75994</subfield>
            <subfield code="e">keine Angabe</subfield>
          </datafield>
          <datafield tag="088" ind1=" " ind2=" ">
            <subfield code="a">468</subfield>
            <subfield code="b">91</subfield>
            <subfield code="c">WTA2690+11</subfield>
            <subfield code="e">Lehrbuchsammlung, ausleihbar</subfield>
          </datafield>
          <datafield tag="088" ind1=" " ind2=" ">
            <subfield code="a">468</subfield>
            <subfield code="b">91</subfield>
            <subfield code="c">WTA2690+5</subfield>
            <subfield code="e">Lehrbuchsammlung, ausleihbar</subfield>
          </datafield>
          <datafield tag="088" ind1=" " ind2=" ">
            <subfield code="a">468</subfield>
            <subfield code="b">91</subfield>
            <subfield code="c">WTA2690+9</subfield>
            <subfield code="e">Lehrbuchsammlung, ausleihbar</subfield>
          </datafield>
          <datafield tag="088" ind1=" " ind2=" ">
            <subfield code="a">468</subfield>
            <subfield code="b">91</subfield>
            <subfield code="c">WTA2690+4</subfield>
            <subfield code="e">Lehrbuchsammlung, ausleihbar</subfield>
          </datafield>
          <datafield tag="088" ind1=" " ind2=" ">
            <subfield code="a">Kob 7</subfield>
            <subfield code="b">FRHKO</subfield>
            <subfield code="c">PS/R 2018 602</subfield>
            <subfield code="e">ausleihbar 4 Wochen</subfield>
          </datafield>
          <datafield tag="700" ind1="h" ind2="9">
            <subfield code="a">PS 770</subfield>
            <subfield code="2">kob</subfield>
          </datafield>
          <datafield tag="700" ind1="h" ind2="9">
            <subfield code="a">PS 995</subfield>
            <subfield code="2">kob</subfield>
          </datafield>
          <datafield tag="700" ind1="h" ind2="9">
            <subfield code="a">PS 015</subfield>
            <subfield code="2">kob</subfield>
          </datafield>
        </record>
      </metadata>
    </record>
  </ListRecords>
</OAI-PMH>
